@book{rbook,
  title={The R Book},
  author={Crawley, Michael J},
  year={2012},
  publisher={John Wiley & Sons}
}

@article{ggplot2,
  title={ggplot2: Elegant Graphics for Data Analysis},
  author={Wickham, Hadley},
  journal={Springer},
  year={2016}
}

@manual{dplyr,
  title = {dplyr: A Grammar of Data Manipulation},
  author = {Hadley Wickham and Romain Fran√ßois},
  year = {2023},
  note = {R package version 1.1.0}
}
